% This file was created with JabRef 2.9.2.
% Encoding: Cp1252

@ARTICLE{Biais2005,
  author = {Biais, Bruno and Hilton, Denis and Mazurier, Karine and Pouget, S{\'e}bastien},
  title = {Judgemental overconfidence, self-monitoring, and trading performance
	in an experimental financial market},
  journal = {The Review of economic studies},
  year = {2005},
  volume = {72},
  pages = {287--312},
  number = {2},
  publisher = {Oxford University Press}
}

@ARTICLE{Bruguier2010,
  author = {Bruguier, Antoine J and Quartz, Steven R and Bossaerts, Peter},
  title = {Exploring the nature of trader intuition},
  journal = {The Journal of Finance},
  year = {2010},
  volume = {65},
  pages = {1703--1723},
  number = {5},
  publisher = {Wiley Online Library}
}

@ARTICLE{Cheung2012,
  author = {Cheung, Stephen and Hedegaard, Morten and Palan, Stefan},
  title = {To see is to believe: common expectations in experimental asset markets},
  year = {2012},
  publisher = {IZA Discussion Paper}
}

@INPROCEEDINGS{Das2001,
  author = {Das, Rajarshi and Hanson, James E and Kephart, Jeffrey O and Tesauro,
	Gerald},
  title = {Agent-human interactions in the continuous double auction},
  booktitle = {International Joint Conference on Artificial Intelligence},
  year = {2001},
  volume = {17},
  number = {1},
  pages = {1169--1178},
  organization = {LAWRENCE ERLBAUM ASSOCIATES LTD}
}

@INPROCEEDINGS{DeLuca2011,
  author = {De Luca, Marco and Cliff, Dave},
  title = {Human-agent auction interactions: Adaptive-aggressive agents dominate},
  booktitle = {Proceedings of the Twenty-Second international joint conference on
	Artificial Intelligence-Volume Volume One},
  year = {2011},
  pages = {178--185},
  organization = {AAAI Press}
}

@ARTICLE{DeLuca2011a,
  author = {De Luca, M and Szostek, C and Cartlidge, J and Cliff, D},
  title = {Studies on interactions between human traders and Algorithmic Trading
	Systems},
  journal = {Foresight Driver Review DR13},
  year = {2011}
}

@TECHREPORT{Fellner2012,
  author = {Fellner, Gerlinde and Kr{\"u}gel, Sebastian},
  title = {Judgmental overconfidence and trading activity},
  institution = {Jena Economic Research Papers},
  year = {2012}
}

@ARTICLE{Fellner2012a,
  author = {Fellner, Gerlinde and Kr{\"u}gel, Sebastian},
  title = {Judgmental overconfidence: Three measures, one bias?},
  journal = {Journal of Economic Psychology},
  year = {2012},
  volume = {33},
  pages = {142--154},
  number = {1},
  publisher = {Elsevier}
}

@ARTICLE{Fellner2007,
  author = {Fellner, Gerlinde and Maciejovsky, Boris},
  title = {Risk attitude and market behavior: Evidence from experimental asset
	markets},
  journal = {Journal of Economic Psychology},
  year = {2007},
  volume = {28},
  pages = {338--350},
  number = {3},
  publisher = {Elsevier}
}

@ARTICLE{Fischbacher2007,
  author = {Fischbacher, Urs},
  title = {z-Tree: Zurich toolbox for ready-made economic experiments},
  journal = {Experimental economics},
  year = {2007},
  volume = {10},
  pages = {171--178},
  number = {2},
  publisher = {Springer}
}

@ARTICLE{Glaser2007,
  author = {Glaser, Markus and Weber, Martin},
  title = {Overconfidence and trading volume},
  journal = {The Geneva Risk and Insurance Review},
  year = {2007},
  volume = {32},
  pages = {1--36},
  number = {1},
  publisher = {Springer}
}

@ARTICLE{Grossklags2006,
  author = {Grossklags, Jens and Schmidt, Carsten},
  title = {Software agents and market (in) efficiency: a human trader experiment},
  journal = {Systems, Man, and Cybernetics, Part C: Applications and Reviews,
	IEEE Transactions on},
  year = {2006},
  volume = {36},
  pages = {56--67},
  number = {1},
  publisher = {IEEE}
}

@TECHREPORT{Gsell2008,
  author = {Gsell, Markus},
  title = {Assessing the impact of Algorithmic Trading on markets: A simulation
	approach},
  institution = {CFS working paper},
  year = {2008}
}

@ARTICLE{Haruvy2007,
  author = {Haruvy, Ernan and Lahav, Yaron and Noussair, Charles N},
  title = {Traders' expectations in asset markets: experimental evidence},
  journal = {The American Economic Review},
  year = {2007},
  volume = {97},
  pages = {1901--1920},
  number = {5},
  publisher = {American Economic Association}
}

@ARTICLE{Hendershott2011,
  author = {Hendershott, Terrence and Jones, Charles M and Menkveld, Albert J},
  title = {Does algorithmic trading improve liquidity?},
  journal = {The Journal of Finance},
  year = {2011},
  volume = {66},
  pages = {1--33},
  number = {1},
  publisher = {Wiley Online Library}
}

@ARTICLE{Hilton2011,
  author = {Hilton, Denis and Regner, Isabelle and Cabantous, Laure and Charalambides,
	Laetitia and Vautier, Stephane},
  title = {Do positive illusions predict overconfidence in judgment? A test
	using interval production and probability evaluation measures of
	miscalibration},
  journal = {Journal of Behavioral Decision Making},
  year = {2011},
  volume = {24},
  pages = {117--139},
  number = {2},
  publisher = {Wiley Online Library}
}

@ARTICLE{Holt2002,
  author = {Holt, Charles A and Laury, Susan K},
  title = {Risk aversion and incentive effects},
  journal = {American economic review},
  year = {2002},
  volume = {92},
  pages = {1644--1655},
  number = {5},
  publisher = {American Economic Association}
}

@ARTICLE{Keller2006,
  author = {Keller, Carmen and Siegrist, Michael},
  title = {Investing in stocks: The influence of financial risk attitude and
	values-related money and stock market attitudes},
  journal = {Journal of Economic Psychology},
  year = {2006},
  volume = {27},
  pages = {285--303},
  number = {2},
  publisher = {Elsevier}
}

@ARTICLE{Kirilenko2013,
  author = {Kirilenko, Andrei A and Lo, Andrew W},
  title = {Moore's Law versus Murphy's Law: Algorithmic Trading and Its Discontents},
  journal = {The Journal of Economic Perspectives},
  year = {2013},
  volume = {27},
  pages = {51--72},
  number = {2},
  publisher = {American Economic Association}
}

@ARTICLE{lei2001nonspeculative,
  author = {Lei, Vivian and Noussair, Charles N and Plott, Charles R},
  title = {Nonspeculative bubbles in experimental asset markets: Lack of common
	knowledge of rationality vs. actual irrationality},
  journal = {Econometrica},
  year = {2001},
  volume = {69},
  pages = {831--859},
  number = {4},
  publisher = {Wiley Online Library}
}

@ARTICLE{Michailova2010,
  author = {Michailova, Julija},
  title = {Overconfidence, risk aversion and (economic) behavior of individual
	traders in experimental asset markets},
  year = {2010}
}

@ARTICLE{Michailova2010a,
  author = {Michailova, Julija},
  title = {Overconfidence and bubbles in experimental asset markets},
  year = {2010}
}

@ARTICLE{Moore2008,
  author = {Moore, Don A and Healy, Paul J},
  title = {The trouble with overconfidence.},
  journal = {Psychological review},
  year = {2008},
  volume = {115},
  pages = {502},
  number = {2},
  publisher = {American Psychological Association}
}

@ARTICLE{Odean1998,
  author = {Odean, Terrance},
  title = {Do investors trade too much?},
  journal = {Available at SSRN 94143},
  year = {1998}
}

@ARTICLE{Oechssler2011,
  author = {Oechssler, J{\"o}rg and Schmidt, Carsten and Schnedler, Wendelin},
  title = {On the ingredients for bubble formation: informed traders and communication},
  journal = {Journal of Economic Dynamics and Control},
  year = {2011},
  volume = {35},
  pages = {1831--1851},
  number = {11},
  publisher = {Elsevier}
}

@ARTICLE{Palan2013,
  author = {Palan, Stefan},
  title = {A review of bubbles and crashes in experimental asset markets},
  journal = {Journal of Economic Surveys},
  year = {2013},
  publisher = {Wiley Online Library}
}

@ARTICLE{Robin2012,
  author = {Robin, Stephane and Straznicka, Katerina and Villeval, Marie-Claire},
  title = {Bubbles and incentives: an experiment on asset markets},
  journal = {GATE-Groupe d'Analyse et de Theorie Economique Lyon-St Etienne Working
	Paper},
  year = {2012},
  number = {1235}
}

@ARTICLE{Smith1988,
  author = {Smith, Vernon L and Suchanek, Gerry L and Williams, Arlington W},
  title = {Bubbles, crashes, and endogenous expectations in experimental spot
	asset markets},
  journal = {Econometrica: Journal of the Econometric Society},
  year = {1988},
  pages = {1119--1151},
  publisher = {JSTOR}
}

@TECHREPORT{Walsh2013,
  author = {Walsh, Timothy, Xiong, Bo, Chung, Christine and Mukerji, Purba},
  title = {The impact of algorithmic trading in a
	
	simulated asset market},
  institution = {Connecticut College},
  year = {2013}
}

